<?xml version="1.0" encoding="UTF-8"?><collection xmlns="http://www.loc.gov/MARC21/slim"><record><leader>00428nam--2200121-i-4500</leader><controlfield tag="001">000037062</controlfield><controlfield tag="002">20161230</controlfield><controlfield tag="005">20161230201041</controlfield><controlfield tag="008">060222s1000------------r-----000-0-eng-d</controlfield><datafield ind1=" " ind2=" " tag="080"><subfield code="a">001.891.313:001.18</subfield></datafield><datafield ind1=" " ind2=" " tag="245"><subfield code="a">Prognozarea cercetarii stiintifice, dezvoltarii tehnologice si progresului tehnic. materii prime minerale si energetice primare</subfield></datafield><datafield ind1=" " ind2=" " tag="260"><subfield code="a">Bucuresti, Cons.Nat.Pentru Stiinta Si Tehnologie, 1982. 257 P</subfield></datafield><datafield ind1=" " ind2=" " tag="852"><subfield code="a">70292</subfield></datafield></record></collection>